@article{tibshirani1996regression,
  title={Regression shrinkage and selection via the lasso},
  author={Tibshirani, Robert},
  journal={Journal of the Royal Statistical Society. Series B (Methodological)},
  pages={267--288},
  year={1996},
  publisher={JSTOR}
}

@inproceedings{grave2011trace,
  title={Trace lasso: a trace norm regularization for correlated designs},
  author={Grave, Edouard and Obozinski, Guillaume R and Bach, Francis R},
  booktitle={Advances in Neural Information Processing Systems},
  pages={2187--2195},
  year={2011}
}

@article{ravikumar2010high,
  title={High-dimensional Ising model selection using â„“1-regularized logistic regression},
  author={Ravikumar, Pradeep and Wainwright, Martin J and Lafferty, John D and others},
  journal={The Annals of Statistics},
  volume={38},
  number={3},
  pages={1287--1319},
  year={2010},
  publisher={Institute of Mathematical Statistics}
}

@article{schlimmer1987concept,
  title={Concept acquisition through representational adjustment},
  author={Schlimmer, Jeffrey Curtis},
  year={1987},
  publisher={University of California, Irvine}
}

@misc{bache2013uci,
  title={UCI machine learning repository},
  author={Bache, Kevin and Lichman, Moshe},
  year={2013}
}

@article{anandkumar2012high,
  title={High-dimensional structure estimation in Ising models: Local separation criterion},
  author={Anandkumar, Animashree and Tan, Vincent YF and Huang, Furong and Willsky, Alan S and others},
  journal={The Annals of Statistics},
  volume={40},
  number={3},
  pages={1346--1375},
  year={2012},
  publisher={Institute of Mathematical Statistics}
}

@article{barber2015high,
  title={High-dimensional Ising model selection with Bayesian information criteria},
  author={Barber, Rina Foygel and Drton, Mathias and others},
  journal={Electronic Journal of Statistics},
  volume={9},
  number={1},
  pages={567--607},
  year={2015},
  publisher={The Institute of Mathematical Statistics and the Bernoulli Society}
}
